<record><leader>00000cas a22000007a 4500</leader><controlfield tag="001">16639346</controlfield><controlfield tag="008">870903d18721873ohuwr ne      0    0eng d</controlfield><datafield ind1=" " ind2=" " tag="010"><subfield code="a">sn 87075018 </subfield></datafield><datafield ind1=" " ind2=" " tag="040"><subfield code="a">ONP</subfield><subfield code="b">eng</subfield><subfield code="c">ONP</subfield><subfield code="d">OCLCQ</subfield></datafield><datafield ind1=" " ind2=" " tag="042"><subfield code="a">msc</subfield></datafield><datafield ind1="0" ind2="0" tag="245"><subfield code="a">Perry County Republican.</subfield></datafield><datafield ind1=" " ind2=" " tag="260"><subfield code="a">New Lexington, Ohio :</subfield><subfield code="b">New Lexington Pub.,</subfield><subfield code="c">1872-1873.</subfield></datafield><datafield ind1=" " ind2=" " tag="310"><subfield code="a">Weekly</subfield></datafield><datafield ind1="0" ind2=" " tag="362"><subfield code="a">Vol. 1, no. 4 (Aug. 29, 1872)-v. 1, no. 31 (Mar. 6, 1873).</subfield></datafield><datafield ind1=" " ind2=" " tag="752"><subfield code="a">United States</subfield><subfield code="b">Ohio</subfield><subfield code="c">Perry</subfield><subfield code="d">New Lexington.</subfield></datafield><datafield ind1="0" ind2="0" tag="780"><subfield code="t">Mineral region news (New Lexington, Ohio)</subfield><subfield code="w">(DLC)sn8700075017</subfield></datafield><datafield ind1="0" ind2="4" tag="785"><subfield code="t">Somerset tribune (Somerset, Ohio)</subfield><subfield code="w">(DLC)sn8700075035</subfield></datafield></record>